@inproceedings{heyse2012lapin,
  title={Lapin: an efficient authentication protocol based on ring-LPN},
  author={Heyse, Stefan and Kiltz, Eike and Lyubashevsky, Vadim and Paar, Christof and Pietrzak, Krzysztof},
  booktitle={Fast Software Encryption: 19th International Workshop, FSE 2012, Washington, DC, USA, March 19-21, 2012. Revised Selected Papers},
  pages={346--365},
  year={2012},
  organization={Springer}
}

@article{shor1999polynomial,
  title={Polynomial-time algorithms for prime factorization and discrete logarithms on a quantum computer},
  author={Shor, Peter W},
  journal={SIAM review},
  volume={41},
  number={2},
  pages={303--332},
  year={1999},
  publisher={SIAM}
}

@inproceedings{zhao2018hardness,
  title={On the Hardness of Learning Parity with Noise over Rings},
  author={Zhao, Shuoyao and Yu, Yu and Zhang, Jiang},
  booktitle={International Conference on Provable Security},
  pages={94--108},
  year={2018},
  organization={Springer}
}

@inproceedings{yu2016pseudorandom,
  title={Pseudorandom functions in almost constant depth from low-noise LPN},
  author={Yu, Yu and Steinberger, John},
  booktitle={Advances in Cryptology--EUROCRYPT 2016: 35th Annual International Conference on the Theory and Applications of Cryptographic Techniques, Vienna, Austria, May 8-12, 2016, Proceedings, Part II 35},
  pages={154--183},
  year={2016},
  organization={Springer}
}

@inproceedings{pietrzak2012cryptography,
  title={Cryptography from learning parity with noise},
  author={Pietrzak, Krzysztof},
  booktitle={International Conference on Current Trends in Theory and Practice of Computer Science},
  pages={99--114},
  year={2012},
  organization={Springer}
}

@inproceedings{liu2017hardness,
  title={On the Hardness of Sparsely Learning Parity with Noise},
  author={Liu, Hanlin and Yan, Di and Yu, Yu and Zhao, Shuoyao},
  booktitle={Provable Security: 11th International Conference, ProvSec 2017, Xi'an, China, October 23-25, 2017, Proceedings 11},
  pages={261--267},
  year={2017},
  organization={Springer}
}

@inproceedings{boyle2020efficient,
  title={Efficient pseudorandom correlation generators from ring-LPN},
  author={Boyle, Elette and Couteau, Geoffroy and Gilboa, Niv and Ishai, Yuval and Kohl, Lisa and Scholl, Peter},
  booktitle={Advances in Cryptology--CRYPTO 2020: 40th Annual International Cryptology Conference, CRYPTO 2020, Santa Barbara, CA, USA, August 17--21, 2020, Proceedings, Part II 40},
  pages={387--416},
  year={2020},
  organization={Springer}
}

@inproceedings{abram2022low,
  title={Low-bandwidth threshold ECDSA via pseudorandom correlation generators},
  author={Abram, Damiano and Nof, Ariel and Orlandi, Claudio and Scholl, Peter and Shlomovits, Omer},
  booktitle={2022 IEEE Symposium on Security and Privacy (SP)},
  pages={2554--2572},
  year={2022},
  organization={IEEE}
}

@inproceedings{boyle2015function,
  title={Function secret sharing},
  author={Boyle, Elette and Gilboa, Niv and Ishai, Yuval},
  booktitle={Annual international conference on the theory and applications of cryptographic techniques},
  pages={337--367},
  year={2015},
  organization={Springer}
}

@inproceedings{boyle2016function,
  title={Function secret sharing: Improvements and extensions},
  author={Boyle, Elette and Gilboa, Niv and Ishai, Yuval},
  booktitle={Proceedings of the 2016 ACM SIGSAC Conference on Computer and Communications Security},
  pages={1292--1303},
  year={2016}
}

@inproceedings{tessaro2023revisiting,
  title={Revisiting BBS Signatures},
  author={Tessaro, Stefano and Zhu, Chenzhi},
  booktitle={Annual International Conference on the Theory and Applications of Cryptographic Techniques},
  pages={691--721},
  year={2023},
  organization={Springer}
}

@inproceedings{boneh2004short,
  title={Short group signatures},
  author={Boneh, Dan and Boyen, Xavier and Shacham, Hovav},
  booktitle={Annual international cryptology conference},
  pages={41--55},
  year={2004},
  organization={Springer}
}

@inproceedings{au2006constant,
  title={Constant-size dynamic k-TAA},
  author={Au, Man Ho and Susilo, Willy and Mu, Yi},
  booktitle={Security and Cryptography for Networks: 5th International Conference, SCN 2006, Maiori, Italy, September 6-8, 2006. Proceedings 5},
  pages={111--125},
  year={2006},
  organization={Springer}
}

@inproceedings{desmedt1987society,
  title={Society and group oriented cryptography: A new concept},
  author={Desmedt, Yvo},
  booktitle={Conference on the Theory and Application of Cryptographic Techniques},
  pages={120--127},
  year={1987},
  organization={Springer}
}

@inproceedings{desmedt1991shared,
  title={Shared generation of authenticators and signatures},
  author={Desmedt, Yvo and Frankel, Yair},
  booktitle={Annual International Cryptology Conference},
  pages={457--469},
  year={1991},
  organization={Springer}
}

@article{shamir1979share,
  title={How to share a secret},
  author={Shamir, Adi},
  journal={Communications of the ACM},
  volume={22},
  number={11},
  pages={612--613},
  year={1979},
  publisher={ACm New York, NY, USA}
}

@inproceedings{blakley1979safeguarding,
  title={Safeguarding cryptographic keys},
  author={Blakley, George Robert},
  booktitle={Managing Requirements Knowledge, International Workshop on},
  pages={313--313},
  year={1979},
  organization={IEEE Computer Society}
}

@phdthesis{gennaro1996theory,
  title={Theory and practice of verifiable secret sharing},
  author={Gennaro, Rosario},
  year={1996},
  school={Massachusetts Institute of Technology}
}

@article{goldwasser1988digital,
  title={A digital signature scheme secure against adaptive chosen-message attacks},
  author={Goldwasser, Shafi and Micali, Silvio and Rivest, Ronald L},
  journal={SIAM Journal on computing},
  volume={17},
  number={2},
  pages={281--308},
  year={1988},
  publisher={SIAM}
}

@misc{cryptoeprint:2023/1076,
      author = {Sebastian Faust and Carmit Hazay and David Kretzler and Leandro Rometsch and Benjamin Schlosser},
      title = {Non-Interactive Threshold BBS+ From Pseudorandom Correlations},
      howpublished = {Cryptology ePrint Archive, Paper 2023/1076},
      year = {2023},
      note = {\url{https://eprint.iacr.org/2023/1076}},
      url = {https://eprint.iacr.org/2023/1076}
}

@inproceedings{blum1993cryptographic,
  title={Cryptographic primitives based on hard learning problems},
  author={Blum, Avrim and Furst, Merrick and Kearns, Michael and Lipton, Richard J},
  booktitle={Annual International Cryptology Conference},
  pages={278--291},
  year={1993},
  organization={Springer}
}

@article{smart2014fully,
  title={Fully homomorphic SIMD operations},
  author={Smart, Nigel P and Vercauteren, Frederik},
  journal={Designs, codes and cryptography},
  volume={71},
  pages={57--81},
  year={2014},
  publisher={Springer}
}

@article{horner1819xxi,
  title={XXI. A new method of solving numerical equations of all orders, by continuous approximation},
  author={Horner, William George},
  journal={Philosophical Transactions of the Royal Society of London},
  number={109},
  pages={308--335},
  year={1819},
  publisher={The Royal Society London}
}

@article{pollard1971fast,
  title={The fast Fourier transform in a finite field},
  author={Pollard, John M},
  journal={Mathematics of computation},
  volume={25},
  number={114},
  pages={365--374},
  year={1971}
}

@article{cooley1965algorithm,
  title={An algorithm for the machine calculation of complex Fourier series},
  author={Cooley, James W and Tukey, John W},
  journal={Mathematics of computation},
  volume={19},
  number={90},
  pages={297--301},
  year={1965}
}

@inproceedings{couteau2021silver,
  title={Silver: silent VOLE and oblivious transfer from hardness of decoding structured LDPC codes},
  author={Couteau, Geoffroy and Rindal, Peter and Raghuraman, Srinivasan},
  booktitle={Annual International Cryptology Conference},
  pages={502--534},
  year={2021},
  organization={Springer}
}

@inproceedings{pollard1974theorems,
  title={Theorems on factorization and primality testing},
  author={Pollard, John M},
  booktitle={Mathematical Proceedings of the Cambridge Philosophical Society},
  volume={76},
  number={3},
  pages={521--528},
  year={1974},
  organization={Cambridge University Press}
}

@inproceedings{doerner2023threshold,
  title={Threshold bbs+ signatures for distributed anonymous credential issuance},
  author={Doerner, Jack and Kondi, Yashvanth and Lee, Eysa and Shelat, Abhi and Tyner, LaKyah},
  booktitle={2023 IEEE Symposium on Security and Privacy (SP)},
  pages={773--789},
  year={2023},
  organization={IEEE}
}

@article{gennaro2019fully,
  title={Fully distributed group signatures},
  author={Gennaro, Rosario and Goldfeder, Steven and Ithurburn, Bertrand},
  journal={See orbs. com/white-papers/fully-distributed-group-signatures/website},
  year={2019}
}

@inproceedings{ishai2013power,
  title={On the power of correlated randomness in secure computation},
  author={Ishai, Yuval and Kushilevitz, Eyal and Meldgaard, Sigurd and Orlandi, Claudio and Paskin-Cherniavsky, Anat},
  booktitle={Theory of Cryptography: 10th Theory of Cryptography Conference, TCC 2013, Tokyo, Japan, March 3-6, 2013. Proceedings},
  pages={600--620},
  year={2013},
  organization={Springer}
}

@inproceedings{ishai2009secure,
  title={Secure arithmetic computation with no honest majority},
  author={Ishai, Yuval and Prabhakaran, Manoj and Sahai, Amit},
  booktitle={Theory of Cryptography: 6th Theory of Cryptography Conference, TCC 2009, San Francisco, CA, USA, March 15-17, 2009. Proceedings 6},
  pages={294--314},
  year={2009},
  organization={Springer}
}

@incollection{goldreich2019play,
  title={How to play any mental game, or a completeness theorem for protocols with honest majority},
  author={Goldreich, Oded and Micali, Silvio and Wigderson, Avi},
  booktitle={Providing Sound Foundations for Cryptography: On the Work of Shafi Goldwasser and Silvio Micali},
  pages={307--328},
  year={2019}
}

@inproceedings{kondi2023two,
  title={Two-Round Stateless Deterministic Two-Party Schnorr Signatures From Pseudorandom Correlation Functions},
  author={Kondi, Yashvanth and Orlandi, Claudio and Roy, Lawrence},
  booktitle={Annual International Cryptology Conference},
  pages={646--677},
  year={2023},
  organization={Springer}
}

@article{coutinho2015elasticity,
  title={Elasticity in cloud computing: a survey},
  author={Coutinho, Emanuel Ferreira and de Carvalho Sousa, Fl{\'a}vio Rubens and Rego, Paulo Antonio Leal and Gomes, Danielo Gon{\c{c}}alves and de Souza, Jos{\'e} Neuman},
  journal={annals of telecommunications-annales des t{\'e}l{\'e}communications},
  volume={70},
  pages={289--309},
  year={2015},
  publisher={Springer}
}

@article{garman2013decentralized,
  title={Decentralized anonymous credentials},
  author={Garman, Christina and Green, Matthew and Miers, Ian},
  journal={Cryptology ePrint Archive},
  year={2013}
}

@inproceedings{gennaro2016threshold,
  title={Threshold-optimal DSA/ECDSA signatures and an application to bitcoin wallet security},
  author={Gennaro, Rosario and Goldfeder, Steven and Narayanan, Arvind},
  booktitle={Applied Cryptography and Network Security: 14th International Conference, ACNS 2016, Guildford, UK, June 19-22, 2016. Proceedings 14},
  pages={156--174},
  year={2016},
  organization={Springer}
}

@inproceedings{desmedt1987society,
  title={Society and group oriented cryptography: A new concept},
  author={Desmedt, Yvo},
  booktitle={Conference on the Theory and Application of Cryptographic Techniques},
  pages={120--127},
  year={1987},
  organization={Springer}
}

@inproceedings{desmedt1992threshold,
  title={Threshold cryptosystems},
  author={Desmedt, Yvo},
  booktitle={International Workshop on the Theory and Application of Cryptographic Techniques},
  pages={1--14},
  year={1992},
  organization={Springer}
}

@inproceedings{pietrzak2012cryptography,
  title={Cryptography from learning parity with noise},
  author={Pietrzak, Krzysztof},
  booktitle={International Conference on Current Trends in Theory and Practice of Computer Science},
  pages={99--114},
  year={2012},
  organization={Springer}
}